@manual{dmm,
    title          = "GDM-8145 User Manual",
    organization   = "Good Will Instrument Co., Ltd",
    year           = "2017",
    month          = "3",
}