@manual{dmm,
    title          = "GDM-8145 User Manual",
    organization   = "Good Will Instrument Co., Ltd",
    year           = "2017",
    month          = "3",
}
@manual{jfet,
    title          = "2N5457, 2N5458, 2N5459 Silicon N-channel JFETS",
    organization   = "Central Semiconductor Corp.",
    year           = "2014",
    month          = "3",
}
